% Encoding: UTF-8

%https://books.google.de/books?hl=de&lr=&id=cVlPDwAAQBAJ&oi=fnd&pg=PT25&dq=python+flask&ots=xOISbn_s9_&sig=RktP8RpJnyCdyGLaC4SCkU5mHrk#v=onepage&q=python%20flask&f=false
@book{grinberg2018flask,
  title={Flask web development: developing web applications with python},
  author={M. Grinberg},
  year={2018},
  publisher={O'Reilly Media, Inc.}
}

%https://www.math.arizona.edu/~swig/documentation/python/handout.pdf
@article{python2021python,
  title={Python},
  author={T. Josheph},
  journal={Python Releases for Windows},
  volume={24},
  year={2021}
}

%https://books.google.de/books?hl=de&lr=&id=1TgzEAAAQBAJ&oi=fnd&pg=PT20&dq=angular+framework&ots=yfKSPeERD0&sig=H2iQsKCf5bRxYRHKBEjyn1nJZQY#v=onepage&q=angular%20framework&f=false
@book{moiseev2018angular,
  title={Angular Development with TypeScript},
  author={A. Moiseev and Y. Fain},
  year={2018},
  publisher={Simon and Schuster}
}

%https://www.cs.helsinki.fi/u/paksula/misc/redis.pdf
@article{paksula2010persisting,
  title={Persisting objects in redis key-value database},
  author={M. Paksula},
  journal={University of Helsinki, Department of Computer Science},
  volume={27},
  year={2010}
}

%https://books.google.de/books?hl=de&lr=&id=cCiA8HsQhGUC&oi=fnd&pg=PT36&dq=mysql&ots=Tv1Y_UaXS6&sig=gf-uDnRrUjp64e2OOzqiy4zQQbY#v=onepage&q=mysql&f=false
@book{dubois2008mysql,
  title={MySQL},
  author={P. DuBois},
  year={2008},
  publisher={Pearson Education}
}

%https://ieeexplore.ieee.org/abstract/document/7311982?casa_token=UU032CKAUHUAAAAA:fUnr7nW-5zKUkt7_auxVYhU0GjKAfUECpkce5RzVTtLqVdDnX7BjUFMtGRzhFYOrjXurE2pu
@inproceedings{ionescu2015analysis,
  title={The analysis of the performance of RabbitMQ and ActiveMQ},
  author={V.M. Ionescu},
  booktitle={2015 14th RoEduNet International Conference-Networking in Education and Research (RoEduNet NER)},
  pages={132--137},
  year={2015},
  organization={IEEE}
}